<?xml version="1.0" encoding="UTF-8"?><record xmlns="http://www.loc.gov/MARC21/slim" xmlns:cinclude="http://apache.org/cocoon/include/1.0" xmlns:zs="http://www.loc.gov/zing/srw/">
  <leader>00400nz  a2200121n  4500</leader>
  <controlfield tag="001">n  88645916 </controlfield>
  <controlfield tag="003">DLC</controlfield>
  <controlfield tag="005">19880624155318.9</controlfield>
  <controlfield tag="008">880624n| acannaab|          |n aad |||  </controlfield>
  <datafield tag="010" ind1=" " ind2=" ">
    <subfield code="a">n  88645916 </subfield>
  </datafield>
  <datafield tag="040" ind1=" " ind2=" ">
    <subfield code="a">DLC</subfield>
    <subfield code="c">DLC</subfield>
  </datafield>
  <datafield tag="100" ind1="1" ind2="0">
    <subfield code="a">Schmelzing, Thomas,</subfield>
    <subfield code="d">1955-</subfield>
  </datafield>
  <datafield tag="670" ind1=" " ind2=" ">
    <subfield code="a">nuc88-78240: His Leistung und SaĚure-Basen-Haushalt ... 1986</subfield>
    <subfield code="b">(hdg. on DNAL rept.: Schmelzing, Thomas, 1955- ; usage: Thomas Schmelzing)</subfield>
  </datafield>
</record>